@article{Windhoff2013Electric,
  title={Electric field calculations in brain stimulation based on finite elements: An optimized processing pipeline for the generation and usage of accurate individual head models},
  author={Windhoff, Mirko and Opitz, Alexander and Thielscher, Axel},
  journal={Human Brain Mapping},
  volume={34},
  number={4},
  pages={923â€“935},
  year={2013},
}

@article{Park2006Visible,
  title={Visible Korean Human: its techniques and applications.},
  author={Park, J. S. and Chung, M. S. and Hwang, S. B. and Shin, B. S. and Park, H. S.},
  journal={Clinical Anatomy},
  volume={19},
  number={3},
  pages={216-24},
  year={2006},
}

@article{Kim2014Computational,
  title={Computational Study on Subdural Cortical Stimulation - The Influence of the Head Geometry, Anisotropic Conductivity, and Electrode Configuration},
  author={Kim, D. and Seo, H. and Kim, H. I. and Jun, S. C.},
  journal={Plos One},
  volume={9},
  number={9},
  pages={e108028},
  year={2014},
}
