@article{唐章宏2003用有限元法计算媒质各向异性真实头模型脑电正问题,
  title={用有限元法计算媒质各向异性真实头模型脑电正问题},
  author={唐章宏 and 袁建生},
  journal={中国生物医学工程学报},
  volume={22},
  number={3},
  pages={208-214},
  year={2003},
 keywords={各向异性;脑电;有限元法},
 abstract={神经元所产生的脑内电活动通常可用电流源偶极子来模拟.讨论用有限元法计算电流源偶极子产生的电流与电位 分布,推导出计算偶极子源在各向异性导电媒质中的有限元方程,并对其进行变形,使得在各向异性导电媒质中生成的有限元刚度阵对称.这一算法已应用于媒质各 向异性的真实头模型脑电计算,得到了较为满意的结果.},
}